@online{acronics-backup-info,
    title = {Acronics. Словарь терминов. Резервное копирование [Электронный ресурс]},
    url = {http://www.acronis.ru/glossary/backup/backup},
    urldate = {2023-04-16},
    language = "russian"
}

@online{backup-types,
    title = {Backup types explained [Электронный ресурс]},
    url = {https://www.nakivo.com/blog/backup-types-explained/},
    urldate = {2023-04-16},
    language = {english},
}

@online{local-cloud-backup,
    title = {What is Cloud Backup? Cloud vs Local Backup Comparison [Электронный ресурс]},
    url = {https://www.acronis.com/en-us/blog/posts/cloud-vs-local-backup/},
    urldate = {2023-04-16},
    language = {english},
}

@online{distributed-fs,
    title = {What is DFS? [Электронный ресурс]},
    url = {https://www.nutanix.com/info/distributed-file-systems},
    urldate = {2023-05-08},
    language = {english},
}

@online{hdfs,
    title = {Hadoop Distributed File System (HDFS)},
    url = {https://www.databricks.com/glossary/hadoop-distributed-file-system-hdfs},
    urldate = {2023-05-08},
    language = {english},
}

@online{ceph,
    title = {What is Ceph?},
    url = {https://ubuntu.com/ceph/what-is-ceph},
    urldate = {2023-05-08},
    language = {english},
}

@online{raid,
    title = {What is RAID?},
    url = {https://www.hellotech.com/blog/what-is-raid-0-1-5-10},
    urldate = {2023-05-08},
    language = {english},
}

@online{hash-func,
    title = {Чудеса хеширования},
    url = {https://www.kaspersky.ru/blog/the-wonders-of-hashing/3633/},
    urldate = {2023-05-09},
    language = {english},
}

@online{checksum,
    title = {What Is a Checksum?},
    url = {https://www.lifewire.com/what-does-checksum-mean-2625825},
    urldate = {2023-05-09},
    language = {english},
}

@online{md5,
    title = {MD5 Hash Generator},
    url = {https://www.md5hashgenerator.com/},
    urldate = {2023-05-09},
    language = {english},
}

@online{sha512,
    title = {SHA-512 Hashing Algorithm Overview},
    url = {https://komodoplatform.com/en/academy/sha-512/},
    urldate = {2023-05-09},
    language = {english},
}

@online{round-robin,
    title = {Балансировка нагрузки: основные алгоритмы и методы},
    url = {https://selectel.ru/blog/balansirovka-nagruzki-osnovnye-algoritmy-i-metody/},
    urldate = {2023-05-14},
    language = {russian},
}

@online{lan-cloudflare,
    title = {What is a lan},
    url = {https://www.cloudflare.com/learning/network-layer/what-is-a-lan/},
    urldate = {2023-05-23},
    language = {english},
}

@online{golang,
    title = "The Go Programming Language",
    url = {https://go.dev/},
    urldate = {2023-05-24},
    language = {english},
}

@online{windows,
    title = {Windows 11},
    url = {https://support.microsoft.com/ru-ru/windows},
    urldate = {2023-05-24},
    language = {russian},
}

@online{macos,
    title = {macOS Monterey},
    url = {https://www.apple.com/ru/macos/monterey/},
    urldate = {2023-05-24},
    language = {russian},
}

@online{linux,
    title = {Linux},
    url = {https://www.linux.org/},
    urldate = {2023-05-24},
    language = {english},
}

@online{cli,
    title = {Командная строка},
    url = {https://help.ubuntu.ru/wiki/%D0%BA%D0%BE%D0%BC%D0%B0%D0%BD%D0%B4%D0%BD%D0%B0%D1%8F_%D1%81%D1%82%D1%80%D0%BE%D0%BA%D0%B0},
    urldate = {2023-05-24},
    language = {russian},
}

@online{cobra,
    title = {A Commander for modern Go CLI interactions},
    url = {https://github.com/spf13/cobra},
    urldate = {2023-05-24},
    language = {english},
}

@online{cron,
    title = {Crontab command},
    url = {https://www.ibm.com/docs/en/aix/7.2?topic=c-crontab-command},
    urldate = {2023-05-24},
    language = {english},
}
