@misc{acronics-backup-info,
  title="Acronics. Словарь терминов. Резервное копирование [Электронный ресурс]",
  howpublished="Режим доступа: \url{http://www.acronis.ru/glossary/backup/backup} --- (Дата обращения: 2023-04-16)"
}

@misc{backup-types,
    title = {Backup types explained [Электронный ресурс]},
    howpublished = "Режим доступа: \url{https://www.nakivo.com/blog/backup-types-explained/} --- (Дата обращения: 2023-04-16)"
}

@misc{local-cloud-backup,
    title = {Cloud Backup [Электронный ресурс]},
    howpublished = "Режим доступа: \url{https://www.acronis.com/en-us/blog/posts/cloud-vs-local-backup/} --- (Дата обращения: 2023-04-16)"
}

@misc{distributed-fs,
    title = {What is DFS? [Электронный ресурс]},
    howpublished = "Режим доступа: \url{https://www.nutanix.com/info/distributed-file-systems} --- (Дата обращения: 2023-05-08)"
}


@misc{hdfs,
    title = {Hadoop Distributed File System (HDFS) [Электронный ресурс]},
    howpublished = "Режим доступа: \url{https://www.databricks.com/glossary/hadoop-distributed-file-system-hdfs} --- (Дата обращения: 2023-05-08)"
}

@misc{ceph,
    title = {What is Ceph? [Электронный ресурс]},
    howpublished = "Режим доступа: \url{https://ubuntu.com/ceph/what-is-ceph} --- (Дата обращения: 2023-05-08)"
}


@misc{raid,
    title = {What is RAID? [Электронный ресурс]},
    howpublished = "Режим доступа: \url{https://www.hellotech.com/blog/what-is-raid-0-1-5-10} --- (Дата обращения: 2023-05-08)"
}

@misc{hash-func,
    title = {Чудеса хеширования [Электронный ресурс]},
    howpublished = "Режим доступа: \url{https://www.kaspersky.ru/blog/the-wonders-of-hashing/3633/} --- (Дата обращения: 2023-05-09)"
}

@misc{checksum,
    title = {What Is a Checksum? [Электронный ресурс]},
    howpublished = "Режим доступа: \url{https://www.lifewire.com/what-does-checksum-mean-2625825} --- (Дата обращения: 2023-05-09)"
}

@misc{md5,
    title = {MD5 Hash Generator [Электронный ресурс]},
    howpublished = "Режим доступа: \url{https://www.md5hashgenerator.com/} --- (Дата обращения: 2023-05-09)"
}

@misc{sha256,
    title = {SHA-256 Hashing Algorithm Overview [Электронный ресурс]},
    howpublished = "Режим доступа: \url{https://blog.boot.dev/cryptography/how-sha-2-works-step-by-step-sha-256/} --- (Дата обращения: 2023-05-09)"
}

@misc{round-robin,
    title = {Балансировка нагрузки: основные алгоритмы и методы [Электронный ресурс]},
    howpublished = "Режим доступа: \url{https://selectel.ru/blog/balansirovka-nagruzki-osnovnye-algoritmy-i-metody/} --- (Дата обращения: 2023-05-14)"
}

@misc{lan-cloudflare,
    title = {What is a lan [Электронный ресурс]},
    howpublished = "Режим доступа: \url{https://www.cloudflare.com/learning/network-layer/what-is-a-lan/} --- (Дата обращения: 2023-05-23)"
}

@misc{golang,
    title = "The Go Programming Language [Электронный ресурс]",
    howpublished = "Режим доступа: \url{https://go.dev/} --- (Дата обращения: 2023-05-24)"
}


@misc{windows,
    title = {Windows 11 [Электронный ресурс]},
    howpublished = "Режим доступа: \url{https://support.microsoft.com/ru-ru/windows} --- (Дата обращения: 2023-05-24)"
}

@misc{macos,
    title = {macOS Monterey [Электронный ресурс]},
    howpublished = "Режим доступа: \url{https://www.apple.com/ru/macos/monterey/} --- (Дата обращения: 2023-05-24)"
}

@misc{linux,
    title = {Linux [Электронный ресурс]},
    howpublished = "Режим доступа: \url{https://www.linux.org/} --- (Дата обращения: 2023-05-24)"
}

@misc{cli,
    title = {Командная строка [Электронный ресурс]},
    howpublished = "Режим доступа: \url{https://help.ubuntu.com/community/CommandlineHowto} --- (Дата обращения: 2023-05-24)"
}

@misc{cobra,
    title = {A Commander for modern Go CLI interactions [Электронный ресурс]},
    howpublished = "Режим доступа: \url{https://github.com/spf13/cobra} --- (Дата обращения: 2023-05-24)"
}

@misc{cron,
    title = {Crontab command [Электронный ресурс]},
    howpublished = "Режим доступа: \url{https://www.ibm.com/docs/en/aix/7.2?topic=c-crontab-command} --- (Дата обращения: 2023-05-24)"
}

@misc{gzip,
    title = {Gzip is a file format and a software application used for file compression and decompression [Электронный ресурс]},
    howpublished = "Режим доступа: \url{https://www.gzip.org/} --- (Дата обращения: 2023-05-29)"
}


@misc{zstd,
    title = {Zstandard - Fast real-time compression algorithm [Электронный ресурс]},
    howpublished = "Режим доступа: \url{https://github.com/facebook/zstd} --- (Дата обращения: 2023-05-29)"
}

@misc{lzma,
    title = {7-Zip is a file archiver with a high compression ratio [Электронный ресурс]},
    howpublished = "Режим доступа: \url{https://7-zip.org/} --- (Дата обращения: 2023-05-29)"
}


@misc{replication,
    title = {Репликация данных [Электронный ресурс]},
    howpublished = "Режим доступа: \url{https://highload.today/replikatsiya-dannykh/} --- (Дата обращения: 2023-05-29)"
}


@misc{sharding,
    title = {Горизонтальный шардинг [Электронный ресурс]},
    howpublished = "Режим доступа: \url{https://highload.today/gorizontalniy-sharding/} --- (Дата обращения: 2023-05-29)"
}

@misc{crc,
    title = {Контрольная сумма CRC [Электронный ресурс]},
    howpublished = "Режим доступа: \url{https://soltau.ru/index.php/themes/dev/item/461-kak-poschitat-kontrolnuyu-summu-crc32-crc16-crc8} --- (Дата обращения: 2023-05-29)"
}
% @journal{acronics-backup-info,
%     title = {Acronics. Словарь терминов. Резервное копирование [Электронный ресурс]},
%     url = {http://www.acronis.ru/glossary/backup/backup},
%     urldate = {2023-04-16},
%     language = "russian"
% }

% @online{backup-types,
%     title = {Backup types explained [Электронный ресурс]},
%     url = {https://www.nakivo.com/blog/backup-types-explained/},
%     urldate = {2023-04-16},
%     language = {english},
% }

% @online{local-cloud-backup,
%     title = {Cloud Backup [Электронный ресурс]},
%     url = {https://www.acronis.com/en-us/blog/posts/cloud-vs-local-backup/},
%     urldate = {2023-04-16},
%     language = {english},
% }

% @online{distributed-fs,
%     title = {What is DFS? [Электронный ресурс]},
%     url = {https://www.nutanix.com/info/distributed-file-systems},
%     urldate = {2023-05-08},
%     language = {english},
% }


% @online{hdfs,
%     title = {Hadoop Distributed File System (HDFS)},
%     url = {https://www.databricks.com/glossary/hadoop-distributed-file-system-hdfs},
%     urldate = {2023-05-08},
%     language = {english},
% }


% @online{ceph,
%     title = {What is Ceph?},
%     url = {https://ubuntu.com/ceph/what-is-ceph},
%     urldate = {2023-05-08},
%     language = {english},
% }

% @online{raid,
%     title = {What is RAID?},
%     url = {https://www.hellotech.com/blog/what-is-raid-0-1-5-10},
%     urldate = {2023-05-08},
%     language = {english},
% }

% @online{hash-func,
%     title = {Чудеса хеширования},
%     url = {https://www.kaspersky.ru/blog/the-wonders-of-hashing/3633/},
%     urldate = {2023-05-09},
%     language = {english},
% }

% @online{checksum,
%     title = {What Is a Checksum?},
%     url = {https://www.lifewire.com/what-does-checksum-mean-2625825},
%     urldate = {2023-05-09},
%     language = {english},
% }


% @online{md5,
%     title = {MD5 Hash Generator},
%     url = {https://www.md5hashgenerator.com/},
%     urldate = {2023-05-09},
%     language = {english},
% }


% @online{sha256,
%     title = {SHA-256 Hashing Algorithm Overview},
%     url = {https://blog.boot.dev/cryptography/how-sha-2-works-step-by-step-sha-256/},
%     urldate = {2023-05-09},
%     language = {english},
% }

% @online{round-robin,
%     title = {Балансировка нагрузки: основные алгоритмы и методы},
%     url = {https://selectel.ru/blog/balansirovka-nagruzki-osnovnye-algoritmy-i-metody/},
%     urldate = {2023-05-14},
%     language = {russian},
% }

% @online{lan-cloudflare,
%     title = {What is a lan},
%     url = {https://www.cloudflare.com/learning/network-layer/what-is-a-lan/},
%     urldate = {2023-05-23},
%     language = {english},
% }

% @online{golang,
%     title = "The Go Programming Language",
%     url = {https://go.dev/},
%     urldate = {2023-05-24},
%     language = {english},
% }

% @online{windows,
%     title = {Windows 11},
%     url = {https://support.microsoft.com/ru-ru/windows},
%     urldate = {2023-05-24},
%     language = {russian},
% }

% @online{macos,
%     title = {macOS Monterey},
%     url = {https://www.apple.com/ru/macos/monterey/},
%     urldate = {2023-05-24},
%     language = {russian},
% }

% @online{linux,
%     title = {Linux},
%     url = {https://www.linux.org/},
%     urldate = {2023-05-24},
%     language = {english},
% }

% @online{cli,
%     title = {Командная строка},
%     url = {https://help.ubuntu.ru/wiki/%D0%BA%D0%BE%D0%BC%D0%B0%D0%BD%D0%B4%D0%BD%D0%B0%D1%8F_%D1%81%D1%82%D1%80%D0%BE%D0%BA%D0%B0},
%     urldate = {2023-05-24},
%     language = {russian},
% }

% @online{cobra,
%     title = {A Commander for modern Go CLI interactions},
%     url = {https://github.com/spf13/cobra},
%     urldate = {2023-05-24},
%     language = {english},
% }

% @online{cron,
%     title = {Crontab command},
%     url = {https://www.ibm.com/docs/en/aix/7.2?topic=c-crontab-command},
%     urldate = {2023-05-24},
%     language = {english},
% }

% @online{gzip,
%     title = {Gzip is a file format and a software application used for file compression and decompression [Электронный ресурс]},
%     url = {https://www.gzip.org/},
%     urldate = {2023-05-29},
%     language = "english"
% }

% @online{zstd,
%     title = {Zstandard - Fast real-time compression algorithm [Электронный ресурс]},
%     url = {https://github.com/facebook/zstd},
%     urldate = {2023-05-29},
%     language = "english"
% }

% @online{lzma,
%     title = {7-Zip is a file archiver with a high compression ratio.},
%     url = {https://7-zip.org/},
%     urldate = {2023-05-29},
%     language = "english"
% }

% @online{replication,
%     title = {Репликация данных},
%     url = {https://highload.today/replikatsiya-dannykh/},
%     urldate = {2023-05-29},
%     language = "russian"
% }

% @online{sharding,
%     title = {Горизонтальный шардинг},
%     url = {https://highload.today/gorizontalniy-sharding/},
%     urldate = {2023-05-29},
%     language = "russian"
% }

% @online{crc,
%     title = {Контрольная сумма CRC},
%     url = {https://soltau.ru/index.php/themes/dev/item/461-kak-poschitat-kontrolnuyu-summu-crc32-crc16-crc8},
%     urldate = {2023-05-29},
%     language = "russian"
% }